
@online{drl,
title = {Deep Reinforcement Learning: Guide to Deep Q-Learning},
year = {2020},
url = {https://www.mlq.ai/deep-reinforcement-learning-q-learning/}
}
@misc{qos,
  title={QOS For Multimedia Applications with Emphasize on Video Conferencing},
  author={Gholamhosseinian, Ashkan and Khalifeh, Ahmad and Zare Hajibagher, Noushin},
  year={2011},
  publisher={Halmstad University}
}

@online{rl1,
title = {Game Theory and Multi-agent Reinforcement Learning},
year = {2012},

}
@article{delay,
  title={A survey on low latency towards 5G: RAN, core network and caching solutions},
  author={Parvez, Imtiaz and Rahmati, Ali and Guvenc, Ismail and Sarwat, Arif I and Dai, Huaiyu},
  journal={IEEE Communications Surveys \& Tutorials},
  volume={20},
  number={4},
  pages={3098--3130},
  year={2018},
  publisher={IEEE}
}
@article{frdl,
  title={System cost minimization in cloud RAN with limited fronthaul capacity},
  author={Tang, Jianhua and Tay, Wee Peng and Quek, Tony QS and Liang, Ben},
  journal={IEEE Transactions on Wireless Communications},
  volume={16},
  number={5},
  pages={3371--3384},
  year={2017},
  publisher={IEEE}
}
@inproceedings{luong2018novel,
  title={A novel energy-efficient resource allocation approach in limited fronthaul virtualized C-RANs},
  author={Luong, Phuong and Despins, Charles and Gagnon, Francois and Tran, Le-Nam},
  booktitle={2018 IEEE 87th Vehicular Technology Conference (VTC Spring)},
  pages={1--6},
  year={2018},
  organization={IEEE}
}
@article{guo2016exploiting,
  title={Exploiting hybrid clustering and computation provisioning for green C-RAN},
  author={Guo, Kun and Sheng, Min and Tang, Jianhua and Quek, Tony QS and Qiu, Zhiliang},
  journal={IEEE Journal on Selected Areas in Communications},
  volume={34},
  number={12},
  pages={4063--4076},
  year={2016},
  publisher={IEEE}
}
@article{luong2018novel1,
  title={Joint virtual computing and radio resource allocation in limited fronthaul green C-RANs},
  author={Luong, Phuong and Gagnon, Fran{\c{c}}ois and Despins, Charles and Tran, Le-Nam},
  journal={IEEE Transactions on Wireless Communications},
  volume={17},
  number={4},
  pages={2602--2617},
  year={2018},
  publisher={IEEE}
}