@inproceedings{li2014energy,
  title={Energy-efficient power allocation for distributed large-scale MIMO cloud radio access networks},
  author={Li, Pei-Rong and Chang, Tain-Sao and Feng, Kai-Ten},
  booktitle={2014 IEEE Wireless Communications and Networking Conference (WCNC)},
  pages={1856--1861},
  year={2014},
  organization={IEEE}
}
@inproceedings{tsou2015joint,
  title={Joint Clusterization and Power Allocation for Cloud Radio Access Networks},
  author={Tsou, Yao-Chun and Li, Pei-Rong and Chu, Jui-Hung and Feng, Kai-Ten},
  booktitle={Vehicular Technology Conference (VTC Fall), 2015 IEEE 82nd},
  pages={1--5},
  year={2015},
  organization={IEEE}
}
@article{simeone2016cloud,
  title={Cloud Radio Access Networks: Uplink Channel Estimation and Downlink Precoding},
  author={Simeone, Osvaldo and Kang, Jinkyu and Kang, Joonkhyuk and Shamai, Shlomo},
  journal={Signal Processing for 5G: Algorithms and Implementations},
  pages={429--455},
  year={2016},
  publisher={John Wiley \& Sons, Ltd}
}
@article{peng2015energy,
  title={Energy-efficient resource assignment and power allocation in heterogeneous cloud radio access networks},
  author={Peng, Mugen and Zhang, Kecheng and Jiang, Jiamo and Wang, Jiaheng and Wang, Wenbo},
  journal={IEEE Transactions on Vehicular Technology},
  volume={64},
  number={11},
  pages={5275--5287},
  year={2015},
  publisher={IEEE}
}
