@inproceedings{33,
  title={Energy-efficient power allocation for distributed large-scale MIMO cloud radio access networks},
  author={Li, Pei-Rong and Chang, Tain-Sao and Feng, Kai-Ten},
  booktitle={2014 IEEE Wireless Communications and Networking Conference (WCNC)},
  pages={1856--1861},
  year={2014},
  organization={IEEE}
}
@inproceedings{55,
  title={Joint Clusterization and Power Allocation for Cloud Radio Access Networks},
  author={Tsou, Yao-Chun and Li, Pei-Rong and Chu, Jui-Hung and Feng, Kai-Ten},
  booktitle={Vehicular Technology Conference (VTC Fall), 2015 IEEE 82nd},
  pages={1--5},
  year={2015},
  organization={IEEE}
}
@article{22,
  title={Cloud Radio Access Networks: Uplink Channel Estimation and Downlink Precoding},
  author={Simeone, Osvaldo and Kang, Jinkyu and Kang, Joonkhyuk and Shamai, Shlomo},
  journal={Signal Processing for 5G: Algorithms and Implementations},
  pages={429--455},
  year={2016},
  publisher={John Wiley \& Sons, Ltd}
}

@article{1111,
  title={Fronthaul compression for cloud radio access networks: Signal processing advances inspired by network information theory},
  author={Park, Seok-Hwan and Simeone, Osvaldo and Sahin, Onur and Shitz, Shlomo Shamai},
  journal={IEEE Signal Processing Magazine},
  volume={31},
  number={6},
  pages={69--79},
  year={2014},
  publisher={IEEE}
}
@inproceedings{44,
  title={Joint precoding and fronthaul optimization for C-RANs in ergodic fading channels},
  author={Kang, Jinkyu and Simeone, Osvaldo and Kang, Joonhyuk and Shamai, Shlomo},
  booktitle={2015 IEEE International Conference on Communication Workshop (ICCW)},
  pages={2683--2688},
  year={2015},
  organization={IEEE}
}

@article{66,
  title={Joint signal and channel state information compression for the backhaul of uplink network MIMO systems},
  author={Kang, Jinkyu and Simeone, Osvaldo and Kang, Joonhyuk and Shitz, Shlomo Shamai},
  journal={IEEE Transactions on Wireless Communications},
  volume={13},
  number={3},
  pages={1555--1567},
  year={2014},
  publisher={IEEE}
}
@article{77,
  title={Energy Efficient Beamforming and Power Allocation in Dynamic TDD Based C-RAN System},
  author={Yoon, Changbae and Cho, Dong-Ho},
  journal={IEEE Communications Letters},
  volume={19},
  number={10},
  pages={1806--1809},
  year={2015},
  publisher={IEEE}
}
@article{88,
  title={Cell-free massive MIMO versus small cells},
  author={Ngo, Hien Quoc and Ashikhmin, Alexei and Yang, Hong and Larsson, Erik G and Marzetta, Thomas L},
  journal={arXiv preprint arXiv:1602.08232},
  year={2016}
}

@article{11,
  title={Energy-efficient resource assignment and power allocation in heterogeneous cloud radio access networks},
  author={Peng, Mugen and Zhang, Kecheng and Jiang, Jiamo and Wang, Jiaheng and Wang, Wenbo},
  journal={IEEE Transactions on Vehicular Technology},
  volume={64},
  number={11},
  pages={5275--5287},
  year={2015},
  publisher={IEEE}
}