%مراجع خود را در این قسمت وارد کنید.
% دستوری برای کوچک کردن اندازه فونت‌ها 
%یک مثال را در زیر می‌بینید.
@article{namba2012colony,
  title={Colony-RAN architecture for future cellular network},
  author={Namba, Shinobu and Matsunaka, Takashi and Warabino, Takayuki and Kaneko, Shoji and     Kishi, Yoji},
  booktitle={Future Network \& Mobile Summit (FutureNetw), 2012},
  pages={1--8},
  year={2012},
  organization={IEEE}
}
@misc{WinNT,
  title = {{MS Windows NT} Kernel Description},
  howpublished = {\url{https://www.slideshare.net/Netmanias/201207c-ran-brief-introduction}},
  note = {Accessed: 2017-08-14}
}
@article{checko2015cloud,
  title={Cloud RAN for mobile networks—A technology overview},
  author={Checko, Aleksandra and Christiansen, Henrik L and Yan, Ying and Scolari, Lara and Kardaras, Georgios and Berger, Michael S and Dittmann, Lars},
  journal={IEEE Communications surveys \& tutorials},
  volume={17},
  number={1},
  pages={405--426},
  year={2015},
  publisher={IEEE}
}

@inproceedings{mmimoiter,
  title={Energy Efficient Power Allocation in Massive MIMO Systems based on Standard Interference Function},
  author={Zhang, Jiadian and Jiang, Yanxiang and Li, Peng and Zheng, Fuchun and You, Xiaohu},
  booktitle={Vehicular Technology Conference (VTC Spring), 2016 IEEE 83rd},
  pages={1--6},
  year={2016},
  organization={IEEE}
}
@article{EEcluster,
  title={Energy-efficient power allocation for distributed large-scale MIMO cloud radio access networks},
  author={Li, Pei-Rong and Chang, Tain-Sao and Feng, Kai-Ten},
  booktitle={2014 IEEE Wireless Communications and Networking Conference (WCNC)},
  pages={1856--1861},
  year={2014},
  organization={IEEE}
}

@article{jointcluster,
  title={Joint Clusterization and Power Allocation for Cloud Radio Access Networks},
  author={Tsou, Yao-Chun and Li, Pei-Rong and Chu, Jui-Hung and Feng, Kai-Ten},
  booktitle={Vehicular Technology Conference (VTC Fall), 2015 IEEE 82nd},
  pages={1--5},
  year={2015},
  organization={IEEE}
}
@article{ul_dl,
  title={Cloud Radio Access Networks: Uplink Channel Estimation and Downlink Precoding},
  author={Simeone, Osvaldo and Kang, Jinkyu and Kang, Joonkhyuk and Shamai, Shlomo},
  journal={Signal Processing for 5G: Algorithms and Implementations},
  pages={429--455},
  year={2016},
  publisher={John Wiley \& Sons, Ltd}
}

@article{Fronthaul,
  title={Fronthaul compression for cloud radio access networks: Signal processing advances inspired by network information theory},
  author={Park, Seok-Hwan and Simeone, Osvaldo and Sahin, Onur and Shitz, Shlomo Shamai},
  journal={IEEE Signal Processing Magazine},
  volume={31},
  number={6},
  pages={69--79},
  year={2014},
  publisher={IEEE}
}
@article{precodSimeone,
  title={Joint precoding and fronthaul optimization for C-RANs in ergodic fading channels},
  author={Kang, Jinkyu and Simeone, Osvaldo and Kang, Joonhyuk and Shamai, Shlomo},
  booktitle={2015 IEEE International Conference on Communication Workshop (ICCW)},
  pages={2683--2688},
  year={2015},
  organization={IEEE}
}
@article{ulCompression,
  title={Optimized uplink transmission in multi-antenna C-RAN with spatial compression and forward},
  author={Liu, Liang and Zhang, Rui},
  journal={IEEE transactions on signal processing},
  volume={63},
  number={19},
  pages={5083--5095},
  year={2015},
  publisher={IEEE}
}
@article{ofdma,
  title={Joint power control and fronthaul rate allocation for throughput maximization in OFDMA-based cloud radio access network},
  author={Liu, Liang and Bi, Suzhi and Zhang, Rui},
  journal={IEEE Transactions on Communications},
  volume={63},
  number={11},
  pages={4097--4110},
  year={2015},
  publisher={IEEE}
}
@article{dlulP,
  title={Downlink and uplink energy minimization through user association and beamforming in C-RAN},
  author={Luo, Shixin and Zhang, Rui and Lim, Teng Joon},
  journal={IEEE Transactions on Wireless Communications},
  volume={14},
  number={1},
  pages={494--508},
  year={2015},
  publisher={IEEE}
}
@article{ulSimeone,
  title={Joint signal and channel state information compression for the backhaul of uplink network MIMO systems},
  author={Kang, Jinkyu and Simeone, Osvaldo and Kang, Joonhyuk and Shitz, Shlomo Shamai},
  journal={IEEE Transactions on Wireless Communications},
  volume={13},
  number={3},
  pages={1555--1567},
  year={2014},
  publisher={IEEE}
}
@article{TDD,
  title={Energy Efficient Beamforming and Power Allocation in Dynamic TDD Based C-RAN System},
  author={Yoon, Changbae and Cho, Dong-Ho},
  journal={IEEE Communications Letters},
  volume={19},
  number={10},
  pages={1806--1809},
  year={2015},
  publisher={IEEE}
}
@article{cellFree,
  title={Cell-free massive MIMO versus small cells},
  author={Ngo, Hien Quoc and Ashikhmin, Alexei and Yang, Hong and Larsson, Erik G and Marzetta, Thomas L},
  journal={arXiv preprint arXiv:1602.08232},
  year={2016}
}


@article{hcranEE,
  title={Energy-efficient resource assignment and power allocation in heterogeneous cloud radio access networks},
  author={Peng, Mugen and Zhang, Kecheng and Jiang, Jiamo and Wang, Jiaheng and Wang, Wenbo},
  journal={IEEE Transactions on Vehicular Technology},
  volume={64},
  number={11},
  pages={5275--5287},
  year={2015},
  publisher={IEEE}
}
@Book{boyd,
 title={Convex optimization},
  author={Boyd, Stephen and Vandenberghe, Lieven},
  year={2004},
  publisher={Cambridge university press}
}
@inproceedings{mobile,
  title={Cloud radio access networks (C-RAN) in mobile cloud computing systems},
  author={Cai, Yegui and Yu, F Richard and Bu, Shengrong},
  booktitle={Computer Communications Workshops (INFOCOM WKSHPS), 2014 IEEE Conference on},
  pages={369--374},
  year={2014},
  organization={IEEE}
}
@inproceedings{park2014multivariate,
  title={Multivariate backhaul compression for the downlink of cloud radio access networks},
  author={Park, Seok-Hwan and Simeone, Osvaldo and Sahin, Onur and Shamai, Shlomo},
  booktitle={Information Theory (ISIT), 2014 IEEE International Symposium on},
  pages={2699--2703},
  year={2014},
  organization={IEEE}
}
@Proceedings{simeoneConf,
title = {Cloud Radio Access Networks: Challenges and (Some) Solutions-Conferece ppt},
year = {2015},
OPTmonth = {Fall},
OPTpublisher = {Simeone, Osvaldo}
}
@article{fogComputing,
  title={Fog-computing-based radio access networks: issues and challenges},
  author={Peng, Mugen and Yan, Shi and Zhang, Kecheng and Wang, Chonggang},
  journal={IEEE Network},
  volume={30},
  number={4},
  pages={46--53},
  year={2016},
  publisher={IEEE}
}
@article{fog12,
  title={Enabling low-latency applications in fog-radio access networks},
  author={Shih, Yuan-Yao and Chung, Wei-Ho and Pang, Ai-Chun and Chiu, Te-Chuan and Wei, Hung-Yu},
  journal={IEEE Network},
  volume={31},
  number={1},
  pages={52--58},
  year={2017},
  publisher={IEEE}
}
@article{rd2d,
  title={Resource sharing optimization for device-to-device communication underlaying cellular networks},
  author={Yu, Chia-Hao and Doppler, Klaus and Ribeiro, Cassio B and Tirkkonen, Olav},
  journal={IEEE Transactions on Wireless communications},
  volume={10},
  number={8},
  pages={2752--2763},
  year={2011},
  publisher={IEEE}
}
@article{centralized,
  title={Centralized Energy Efficient Multi-User Multi-Antenna Relaying in Next-Generation Radio Access Networks},
  author={Yang, Jiaxin and Champagne, Benoit and Zou, Yulong and Hanzo, Lajos},
  journal={IEEE Transactions on Vehicular Technology},
  year={2017},
  publisher={IEEE}
}
@article{fogEdge,
  title={Joint optimization of cloud and edge processing for fog radio access networks},
  author={Park, Seok-Hwan and Simeone, Osvaldo and Shitz, Shlomo Shamai},
  journal={IEEE Transactions on Wireless Communications},
  volume={15},
  number={11},
  pages={7621--7632},
  year={2016},
  publisher={IEEE}
}

@article{heterogeneous,
  title={Heterogeneous cloud radio access networks: A new perspective for enhancing spectral and energy efficiencies},
  author={Peng, Mugen and Li, Yuan and Jiang, Jiamo and Li, Jian and Wang, Chonggang},
  journal={IEEE Wireless Communications},
  volume={21},
  number={6},
  pages={126--135},
  year={2014},
  publisher={IEEE}
}
%%%%%%%%%%%%% 20
@inproceedings{graph,
  title={Graph-based dynamic frequency reuse in Cloud-RAN},
  author={Wang, Kaiwei and Zhao, Ming and Zhou, Wuyang},
  booktitle={Wireless Communications and Networking Conference (WCNC), 2014 IEEE},
  pages={105--110},
  year={2014},
  organization={IEEE}
}
@article{d2d,
  title={Resource Allocation in Cloud Radio Access Networks With Device-to-Device Communications},
  author={Mo, Yitao and Peng, Mugen and Xiang, Hongyu and Sun, Yaohua and Ji, Xiaodong},
  journal={IEEE Access},
  volume={5},
  pages={1250--1262},
  year={2017},
  publisher={IEEE}
}
@inproceedings{d2dd,
  title={Mode selection and resource allocation in uplink device-to-device enabled cloud radio access networks},
  author={Wang, Zhen and Sun, Yaohua},
  booktitle={Communications Workshops (ICC Workshops), 2017 IEEE International Conference },
  pages={1341--1345},
  year={2017},
  organization={IEEE}
}
@article{wireless,
  title={Wireless network cloud: Architecture and system requirements},
  author={Lin, Yonghua and Shao, Ling and Zhu, Zhenbo and Wang, Qing and Sabhikhi, Ravie K},
  journal={IBM Journal of Research and Development},
  volume={54},
  number={1},
  pages={4--1},
  year={2010},
  publisher={IBM}
}
@inproceedings{bbu,
  title={BBU-RRH switching schemes for centralized RAN},
  author={Namba, Shinobu and Warabino, Takayuki and Kaneko, Shoji},
  booktitle={Communications and Networking in China (CHINACOM), 2012 7th International ICST Conference on},
  pages={762--766},
  year={2012},
  organization={IEEE}
}

@book{cover,
  title={Elements of information theory},
  author={Cover, Thomas M and Thomas, Joy A},
  year={2012},
  publisher={John Wiley \& Sons}
}
@book{algamal,
  title={Network information theory},
  author={El Gamal, Abbas and Kim, Young-Han},
  year={2011},
  publisher={Cambridge university press}
}
@article{digCom,
  title={Digital Communications 5e},
  author={Salehi, Proakis},
  year={2008}
}
@inproceedings{dlsnr,
  title={Downlink SINR balancing in C-RAN under limited fronthaul capacity},
  author={Liu, Liang and Zhang, Rui},
  booktitle={Acoustics, Speech and Signal Processing (ICASSP), 2016 IEEE International Conference on},
  pages={3506--3510},
  year={2016},
  organization={IEEE}
}
@article{uldl,
  title={Downlink and uplink energy minimization through user association and beamforming in C-RAN},
  author={Luo, Shixin and Zhang, Rui and Lim, Teng Joon},
  journal={IEEE Transactions on Wireless Communications},
  volume={14},
  number={1},
  pages={494--508},
  year={2015},
  publisher={IEEE}
}
@article{jcluster,
  title={Joint base station clustering and beamformer design for partial coordinated transmission in heterogeneous networks},
  author={Hong, Mingyi and Sun, Ruoyu and Baligh, Hadi and Luo, Zhi-Quan},
  journal={IEEE Journal on Selected Areas in Communications},
  volume={31},
  number={2},
  pages={226--240},
  year={2013},
  publisher={IEEE}
}
@article{clusterbeam,
  title={Energy efficient clustering and beamforming for cloud radio access networks},
  author={Chen, Yawen and Wen, Xiangming and Lu, Zhaoming and Shao, Hua},
  journal={Mobile Networks and Applications},
  volume={22},
  number={3},
  pages={589--601},
  year={2017},
  publisher={Springer}
}
@article{fc,
  title={Fronthaul-constrained cloud radio access networks: Insights and challenges},
  author={Peng, Mugen and Wang, Chonggang and Lau, Vincent and Poor, H Vincent},
  journal={IEEE Wireless Communications},
  volume={22},
  number={2},
  pages={152--160},
  year={2015},
  publisher={IEEE}
}
@article{fc2,
  title={Energy Efficient Precoding C-RAN Downlink with Compression at Fronthaul},
  author={Nguyen, Kien-Giang and Vu, Quang-Doanh and Juntti, Markku and Tran, Le-Nam},
  journal={arXiv preprint arXiv:1703.05996},
  year={2017}
}
@article{uljmimo,
  title={Joint quantisation levels and power optimisation in uplink network multiple-input and multiple-output under constraint backhaul},
  author={Wang, Shipeng and Chen, Li and Chen, Xiaohui and Wei, Guo},
  journal={IET Communications},
  volume={9},
  number={16},
  pages={2041--2047},
  year={2015},
  publisher={IET}
}
@inproceedings{pcluster,
  title={Power control and clustering in ad hoc networks},
  author={Kawadia, Vikas and Kumar, PR},
  booktitle={INFOCOM 2003. Twenty-Second Annual Joint Conference of the IEEE Computer and Communications. IEEE Societies},
  volume={1},
  pages={459--469},
  year={2003},
  organization={IEEE}
}

@inproceedings{jue,
  title={Joint remote radio head selection and user association in cloud radio access networks},
  author={Li, Aini and Sun, Yan and Xu, Xiaodong and Yuan, Chunjing},
  booktitle={Personal, Indoor, and Mobile Radio Communications (PIMRC), 2016 IEEE 27th Annual International Symposium on},
  pages={1--6},
  year={2016},
  organization={IEEE}
}
@article{dynamic,
  title={Dynamic uplink-downlink configuration and interference management in TD-LTE},
  author={Shen, Zukang and Khoryaev, Alexey and Eriksson, Erik and Pan, Xueming},
  journal={IEEE Communications Magazine},
  volume={50},
  number={11},
  year={2012},
  publisher={IEEE}
}
@MastersThesis{MA,
author = {Mahtab Atayi},
title = {Optimization of Energy Consumption in Cloud Radio Access Network},
school = {Amirkabir University},
year = {2016-2017},
}

@inproceedings{mkm,
  title={Optimal power allocation for distributed MIMO C-RAN system with limited fronthaul capacity},
  author={Motalleb, Mojdeh Karbalaee and Kabiri, Amirreza and Emadi, Mohammad Javad},
  booktitle={Electrical Engineering (ICEE), 2017 Iranian Conference on},
  pages={1978--1982},
  year={2017},
  organization={IEEE}
}