@article{SystemCostMinimization,
  title={System cost minimization in cloud RAN with limited fronthaul capacity},
  author={Tang, Jianhua and Tay, Wee Peng and Quek, Tony QS and Liang, Ben},
  journal={IEEE Transactions on Wireless Communications},
  volume={16},
  number={5},
  pages={3371--3384},
  year={2017},
  publisher={IEEE}
}
@article{akccay2007greedy,
  title={Greedy algorithm for the general multidimensional knapsack problem},
  author={Ak{\c{c}}ay, Yal{\c{c}}{\i}n and Li, Haijun and Xu, Susan H},
  journal={Annals of Operations Research},
  volume={150},
  number={1},
  pages={17--29},
  year={2007},
  publisher={Springer}
}
@article{lee2018dynamic,
  title={Dynamic network slicing for multitenant heterogeneous cloud radio access networks},
  author={Lee, Ying Loong and Loo, Jonathan and Chuah, Teong Chee and Wang, Li-Chun},
  journal={IEEE Transactions on Wireless Communications},
  volume={17},
  number={4},
  pages={2146--2161},
  year={2018},
  publisher={IEEE}
}
@article{yang2021multicast,
  title={Multicast eMBB and bursty URLLC service multiplexing in a CoMP-enabled RAN},
  author={Yang, Peng and Xi, Xing and Fu, Yaru and Quek, Tony QS and Cao, Xianbin and Wu, Dapeng},
  journal={IEEE Transactions on Wireless Communications},
  volume={20},
  number={5},
  pages={3061--3077},
  year={2021},
  publisher={IEEE}
}