@article{elayoubi20195g,
  title={5G RAN slicing for verticals: Enablers and challenges},
  author={Elayoubi, Salah Eddine and Jemaa, Sana Ben and Altman, Zwi and Galindo-Serrano, Ana},
  journal={IEEE Communications Magazine},
  volume={57},
  number={1},
  pages={28--34},
  year={2019},
  publisher={IEEE}
}